% Add entries here. Jakob will put them into Zotero and transfer to literature_zotero.bib
