
@article{balandat_botorch_2020,
  title = {{{BoTorch}}: {{Programmable Bayesian Optimization}} in {{PyTorch}}},
  shorttitle = {{{BoTorch}}},
  author = {Balandat, Maximilian and Karrer, Brian and Jiang, Daniel R. and Daulton, Samuel and Letham, Benjamin and Wilson, Andrew Gordon and Bakshy, Eytan},
  year = {2020},
  month = jun,
  archivePrefix = {arXiv},
  eprint = {1910.06403},
  eprinttype = {arxiv},
  journal = {arXiv:1910.06403 [cs, math, stat]},
  keywords = {Computer Science - Distributed; Parallel; and Cluster Computing,Computer Science - Machine Learning,Mathematics - Optimization and Control,Statistics - Machine Learning},
  primaryClass = {cs, math, stat}
}

@article{barnes_integrating_2010,
  title = {Integrating Indacaterol Dose Selection in a Clinical Study in {{COPD}} Using an Adaptive Seamless Design},
  author = {Barnes, Peter J. and Pocock, Stuart J. and Magnussen, Helgo and Iqbal, Amir and Kramer, Benjamin and Higgins, Mark and Lawrence, David},
  year = {2010},
  month = jun,
  volume = {23},
  pages = {165--171},
  issn = {10945539},
  doi = {10.1016/j.pupt.2010.01.003},
  journal = {Pulmonary Pharmacology \& Therapeutics},
  language = {en},
  number = {3}
}

@techreport{bischl_mlrmbo_2017,
  title = {{{mlrMBO}}: {{A Modular Framework}} for {{Model}}-{{Based Optimization}} of {{Expensive Black}}-{{Box Functions}}},
  shorttitle = {{{mlrMBO}}},
  author = {Bischl, Bernd and Richter, Jakob and Bossek, Jakob and Horn, Daniel and Thomas, Janek and Lang, Michel},
  year = {2017},
  month = mar,
  pages = {1--26},
  archivePrefix = {arXiv},
  eprint = {1703.03373},
  eprinttype = {arxiv},
  keywords = {Statistics - Machine Learning}
}

@article{browaeys_nichenet_2020,
  title = {{{NicheNet}}: Modeling Intercellular Communication by Linking Ligands to Target Genes},
  shorttitle = {{{NicheNet}}},
  author = {Browaeys, Robin and Saelens, Wouter and Saeys, Yvan},
  year = {2020},
  month = feb,
  volume = {17},
  pages = {159--162},
  publisher = {{Nature Publishing Group}},
  issn = {1548-7105},
  doi = {10.1038/s41592-019-0667-5},
  copyright = {2019 The Author(s), under exclusive licence to Springer Nature America, Inc.},
  journal = {Nature Methods},
  language = {en},
  number = {2}
}

@article{cuffe_when_2014,
  title = {When Is a Seamless Study Desirable? {{Case}} Studies from Different Pharmaceutical Sponsors},
  shorttitle = {When Is a Seamless Study Desirable?},
  author = {Cuffe, Robert L. and Lawrence, David and Stone, Andrew and Vandemeulebroecke, Marc},
  year = {2014},
  volume = {13},
  pages = {229--237},
  issn = {1539-1612},
  doi = {10.1002/pst.1622},
  copyright = {Copyright \textcopyright{} 2014 John Wiley \& Sons, Ltd.},
  journal = {Pharmaceutical Statistics},
  keywords = {adaptive,clinical trial,design,seamless},
  language = {en},
  number = {4}
}

@article{donohue_oncedaily_2010,
  title = {Once-{{Daily Bronchodilators}} for {{Chronic Obstructive Pulmonary Disease}}: {{Indacaterol Versus Tiotropium}}},
  shorttitle = {Once-{{Daily Bronchodilators}} for {{Chronic Obstructive Pulmonary Disease}}},
  author = {Donohue, James F. and Fogarty, Charles and L{\"o}tvall, Jan and Mahler, Donald A. and Worth, Heinrich and Yorgancio{\u g}lu, Arzu and Iqbal, Amir and Swales, James and Owen, Roger and Higgins, Mark and Kramer, Benjamin},
  year = {2010},
  month = jul,
  volume = {182},
  pages = {155--162},
  issn = {1073-449X, 1535-4970},
  doi = {10.1164/rccm.200910-1500OC},
  journal = {American Journal of Respiratory and Critical Care Medicine},
  language = {en},
  number = {2}
}

@article{friede_adaptive_2020,
  title = {Adaptive Seamless Clinical Trials Using Early Outcomes for Treatment or Subgroup Selection: {{Methods}}, Simulation Model and Their Implementation in {{R}}},
  shorttitle = {Adaptive Seamless Clinical Trials Using Early Outcomes for Treatment or Subgroup Selection},
  author = {Friede, Tim and Stallard, Nigel and Parsons, Nicholas},
  year = {2020},
  month = mar,
  pages = {bimj.201900020},
  issn = {0323-3847, 1521-4036},
  doi = {10.1002/bimj.201900020},
  journal = {Biometrical Journal},
  language = {en}
}

@article{friede_designing_2011,
  title = {Designing a Seamless Phase {{II}}/{{III}} Clinical Trial Using Early Outcomes for Treatment Selection: {{An}} Application in Multiple Sclerosis},
  shorttitle = {Designing a Seamless Phase {{II}}/{{III}} Clinical Trial Using Early Outcomes for Treatment Selection},
  author = {Friede, T. and Parsons, N. and Stallard, N. and Todd, S. and Marquez, E. Valdes and Chataway, J. and Nicholas, R.},
  year = {2011},
  volume = {30},
  pages = {1528--1540},
  issn = {1097-0258},
  doi = {10.1002/sim.4202},
  copyright = {Copyright \textcopyright{} 2011 John Wiley \& Sons, Ltd.},
  journal = {Statistics in Medicine},
  keywords = {adaptive seamless design,closed test procedure,combination test,short-term endpoint,surrogate endpoint},
  language = {en},
  number = {13}
}

@article{huang_global_2006,
  title = {Global {{Optimization}} of {{Stochastic Black}}-{{Box Systems}} via {{Sequential Kriging Meta}}-{{Models}}},
  author = {Huang, D. and Allen, T. T. and Notz, W. I. and Zeng, N.},
  year = {2006},
  month = mar,
  volume = {34},
  pages = {441--466},
  issn = {0925-5001, 1573-2916},
  doi = {10.1007/s10898-005-2454-3},
  journal = {Journal of Global Optimization},
  language = {en},
  number = {3}
}

@incollection{hutter_sequential_2011,
  title = {Sequential {{Model}}-{{Based Optimization}} for {{General Algorithm Configuration}}},
  booktitle = {Learning and {{Intelligent Optimization}}},
  author = {Hutter, Frank and Hoos, Holger H. and {Leyton-Brown}, Kevin},
  editor = {Coello, Carlos A. Coello},
  year = {2011},
  month = jan,
  pages = {507--523},
  publisher = {{Springer Berlin Heidelberg}},
  doi = {10.1007/978-3-642-25566-3_40},
  copyright = {\textcopyright 2011 Springer-Verlag Berlin Heidelberg},
  isbn = {978-3-642-25565-6},
  keywords = {Algorithm Analysis and Problem Complexity,Artificial Intelligence (incl. Robotics),Computation by Abstract Devices,Computer Communication Networks,Discrete Mathematics in Computer Science,Pattern Recognition},
  language = {en},
  number = {6683},
  series = {Lecture {{Notes}} in {{Computer Science}}}
}

@article{jones_efficient_1998,
  title = {Efficient {{Global Optimization}} of {{Expensive Black}}-{{Box Functions}}},
  author = {Jones, Donald R. and Schonlau, Matthias and Welch, William J.},
  year = {1998},
  month = dec,
  volume = {13},
  pages = {455--492},
  issn = {0925-5001, 1573-2916},
  doi = {10.1023/A:1008306431147},
  journal = {Journal of Global Optimization},
  language = {en},
  number = {4}
}

@article{jones_taxonomy_2001,
  title = {A {{Taxonomy}} of {{Global Optimization Methods Based}} on {{Response Surfaces}}},
  author = {Jones, Donald R.},
  year = {2001},
  volume = {21},
  pages = {345--383},
  issn = {0925-5001, 1573-2916},
  doi = {10.1023/A:1012771025575},
  journal = {Journal of Global Optimization},
  keywords = {qLCB},
  language = {en},
  number = {4}
}

@article{parsons_software_2011,
  title = {Software Tools for Implementing Simulation Studies in Adaptive Seamless Designs: Introducing {{R}} Package {{ASD}}},
  shorttitle = {Software Tools for Implementing Simulation Studies in Adaptive Seamless Designs},
  author = {Parsons, Nick and Friede, Tim and Todd, Susan and Stallard, Nigel},
  year = {2011},
  month = dec,
  volume = {12},
  pages = {A8, 1745-6215-12-S1-A8},
  issn = {1745-6215},
  doi = {10.1186/1745-6215-12-S1-A8},
  journal = {Trials},
  language = {en},
  number = {S1}
}

@article{richter_modelbased_2019,
  title = {Model-Based Optimization of Subgroup Weights for Survival Analysis},
  author = {Richter, Jakob and Madjar, Katrin and Rahnenf{\"u}hrer, J{\"o}rg},
  year = {2019},
  month = jul,
  volume = {35},
  pages = {i484-i491},
  issn = {1367-4803},
  doi = {10.1093/bioinformatics/btz361},
  journal = {Bioinformatics},
  language = {en},
  number = {14}
}

@article{roustant_dicekriging_2012,
  title = {{{DiceKriging}}, {{DiceOptim}}: {{Two R Packages}} for the {{Analysis}} of {{Computer Experiments}} by {{Kriging}}-{{Based Metamodeling}} and {{Optimization}}},
  author = {Roustant, Olivier and Ginsbourger, David and Deville, Yves},
  year = {2012},
  volume = {51},
  pages = {1--55},
  issn = {1548-7660},
  doi = {10.18637/jss.v051.i01},
  journal = {Journal of Statistical Software, Articles},
  number = {1}
}

@article{shahriari_taking_2016,
  title = {Taking the {{Human Out}} of the {{Loop}}: {{A Review}} of {{Bayesian Optimization}}},
  shorttitle = {Taking the {{Human Out}} of the {{Loop}}},
  author = {Shahriari, B. and Swersky, K. and Wang, Z. and Adams, R. P. and de Freitas, N.},
  year = {2016},
  month = jan,
  volume = {104},
  pages = {148--175},
  issn = {0018-9219},
  doi = {10.1109/JPROC.2015.2494218},
  journal = {Proceedings of the IEEE},
  keywords = {Bayes methods,Bayesian optimization,Big Data,Big data application,Decision making,Design of experiments,Genomes,genomic medicine,human productivity,large-scale heterogeneous computing,Linear programming,massive complex software system,optimisation,Optimization,overview,product quality,response surface methodology,Statistical analysis,statistical learning,storage allocation,storage architecture},
  number = {1}
}

@article{sheiner_learning_1997,
  title = {Learning versus Confirming in Clinical Drug Development},
  author = {Sheiner, Lewis B.},
  year = {1997},
  volume = {61},
  pages = {275--291},
  issn = {1532-6535},
  doi = {10.1016/S0009-9236(97)90160-0},
  copyright = {\textcopyright{} 1997 American Society for Clinical Pharmacology and Therapeutics},
  journal = {Clinical Pharmacology \& Therapeutics},
  language = {en},
  number = {3}
}

@incollection{snoek_practical_2012,
  title = {Practical {{Bayesian Optimization}} of {{Machine Learning Algorithms}}},
  booktitle = {Advances in {{Neural Information Processing Systems}} 25},
  author = {Snoek, Jasper and Larochelle, Hugo and Adams, Ryan P},
  editor = {Pereira, F. and Burges, C. J. C. and Bottou, L. and Weinberger, K. Q.},
  year = {2012},
  pages = {2951--2959},
  publisher = {{Curran Associates, Inc.}}
}

@article{stallard_optimal_2009,
  title = {Optimal Choice of the Number of Treatments to Be Included in a Clinical Trial},
  author = {Stallard, Nigel and Posch, Martin and Friede, Tim and Koenig, Franz and Brannath, Werner},
  year = {2009},
  volume = {28},
  pages = {1321--1338},
  issn = {1097-0258},
  doi = {10.1002/sim.3551},
  copyright = {Copyright \textcopyright{} 2009 John Wiley \& Sons, Ltd.},
  journal = {Statistics in Medicine},
  keywords = {assurance,clinical trial design,decision theory,multiple hypothesis testing},
  language = {en},
  number = {9}
}

@article{wozniak_candle_2018,
  title = {{{CANDLE}}/{{Supervisor}}: A Workflow Framework for Machine Learning Applied to Cancer Research},
  shorttitle = {{{CANDLE}}/{{Supervisor}}},
  author = {Wozniak, Justin M. and Jain, Rajeev and Balaprakash, Prasanna and Ozik, Jonathan and Collier, Nicholson T. and Bauer, John and Xia, Fangfang and Brettin, Thomas and Stevens, Rick and {Mohd-Yusof}, Jamaludin and Cardona, Cristina Garcia and Essen, Brian Van and Baughman, Matthew},
  year = {2018},
  month = dec,
  volume = {19},
  pages = {491},
  issn = {1471-2105},
  doi = {10.1186/s12859-018-2508-4},
  journal = {BMC Bioinformatics},
  number = {18}
}


